1560 2698
640 202 782 225 PRAEFATIO
1288 199 1326 221 vu

152 286 250 320 Inter
273 285 479 327 botanicos‚
499 285 561 329 qui
586 284 694 319 nobis
714 284 759 318 ad
782 285 953 317 nostrum
978 291 1114 316 munus
1134 281 1325 325 perficien-

105 341 192 376 dum
230 352 364 385 magno
394 341 609 384 adjumento
646 341 806 377 fuerunt,
835 337 1053 373 nonunandi
1091 340 1178 372 suut
1215 338 1325 372 etiam

106 399 148 434 cl.
165 398 205 434 G.
222 399 352 444 Duker,
367 399 405 433 F.
426 398 605 440 Benecke,
623 398 663 433 G.
685 397 874 440 Boot-lage,
892 396 929 430 E.
948 396 1131 437 Bommer,
1152 395 1194 430 A.
1214 395 1326 429 Fran-

106 456 200 498 chet,
219 456 247 491 J.
262 456 377 501 Jaggi‚
398 456 436 491 L.
457 456 568 500 Krug,
588 456 626 490 E.
642 454 864 496 Mulinvaud,
884 453 922 487 Ε.
942 452 1117 495 Marchal,
1133 453 1170 487 F.
1187 452 1326 496 M'uller,

105 513 148 548 D.
170 512 303 554 Otiver,
327 513 356 548 J.
377 513 549 554 Poisson,
571 513 612 547 K.
632 511 771 548 Reiche
787 513 821 546 et
838 510 1066 555 Ign.U1-bau.

156 570 226 606 Sed
246 573 321 605 tam
341 571 498 605 arduum
519 581 614 614 opus
635 581 732 614 tegre
754 568 1060 610 absolvissemus,
1083 567 1153 602 nisi
1175 578 1327 612 operam

106 638 213 663 suam
240 627 348 662 nobis
377 630 579 663 navassent
607 627 811 662 eminentes
840 625 918 662 viri,
953 636 1049 670 quos
1078 625 1136 660 hic
1169 636 1326 661 comme-

108 695 253 720 morare
270 684 386 729 juvat.

156 741 210 777 CI.
238 742 280 776 D‘
295 742 323 777 J.
354 742 394 776 D.
414 741 564 776 Hooker
583 752 658 776 non
679 741 800 776 solum
820 751 890 775 nos
911 740 956 775 ud
981 740 1136 775 [mlii-em
1163 740 1327 775 scriben-

108 800 196 835 dum
215 799 436 834 adhortatus
452 802 518 841 est,
540 799 606 833 sed
625 809 699 833 non
728 798 911 833 recusavit
936 797 1016 841 ejus
1037 799 1218 841 patronus
1239 796 1328 839 fieri,

109 860 150 894 ut
169 858 214 893 ab
248 858 421 893 omnibus
446 857 497 892 rei
525 856 709 891 botanicze
734 855 912 890 studiosis
945 854 1060 890 amice
1088 855 1328 900 acciperetur.

155 915 312 950 Illustris
349 915 391 950 G.
430 914 623 949 Bentliami
671 913 826 949 heredes
871 913 954 957 (Dm
999 912 1030 947 J.
1076 913 1118 947 D.
1168 913 1330 956 Hooker,

113 974 155 1010 T.
170 975 268 1019 Dyer
287 977 321 1010 et
336 974 377 1009 D.
395 974 531 1017 Oliver)
552 976 627 1008 tam
643 972 790 1017 benigni
807 973 967 1013 fuerunt,
984 974 1023 1006 ut
1039 971 1148 1006 nobis
1169 972 1330 1007 credide-

108 1031 182 1067 rint
211 1031 506 1076 manuscriptum
533 1031 816 1078 ›S'icm‘tlenu’m‘mn
855 1030 901 1064 ((ιί
944 1030 1084 1065 Genera
1112 1030 1330 1065 Plantarmn

107 1089 291 1134 nobisque
323 1089 557 1134 permiserint
593 1087 829 1123 utilissimum
869 1087 1045 1132 quodque
1084 1087 1169 1123 inde
1208 1098 1331 1123 excer-

108 1158 208 1193 pere.

158 1204 208 1241 Cl.
229 1204 271 1239 A.
292 1205 344 1240 De
360 1204 546 1245 Candolle,
565 1213 695 1248 parum
714 1202 857 1238 habens
874 1202 1016 1246 aperire
1037 1202 1146 1237 nobis
1166 1202 1329 1247 locuple-

109 1261 292 1297 tissimam
320 1272 427 1296 suam
454 1260 728 1303 bibliothecam,
749 1260 849 1295 dedit
879 1259 990 1294 etiam
1013 1259 1207 1294 consulere
1230 1259 1328 1294 codi-

110 1329 190 1355 cem
217 1319 415 1364 quemdam
454 1317 616 1360 unicum,
653 1317 698 1352 ab
710 1317 862 1361 -inclyto
902 1320 1004 1361 patre
1044 1316 1260 1352 inchoatum
1294 1319 1328 1352 et

109 1377 156 1413 ab
195 1377 276 1422 ipso
318 1376 586 1418 continuatum,
610 1376 648 1410 in
688 1386 762 1420 quo
798 1377 932 1410 cuncta
969 1385 1106 1419 genera
1134 1375 1328 1419 diligenter

108 1436 297 1470 notantur.
321 1434 461 1469 Harum
485 1433 676 1478 copiarum
706 1435 846 1475 custos,
867 1433 910 1467 D¹'
930 1432 973 1467 R.
997 1433 1127 1475 Buser⁷
1149 1432 1327 1477 singulari

111 1490 371 1526 benevolentia
398 1490 530 1525 ducem
557 1500 596 1525 se
624 1489 732 1524 nobis
762 1488 904 1523 obtulit.

157 1546 323 1591 Denique
351 1546 483 1581 doctus
510 1548 632 1581 rector
658 1545 696 1580 F.
718 1545 851 1589 Crepin
880 1555 993 1589 quam
1023 1544 1115 1580 bene
1144 1545 1188 1580 de
1218 1544 1326 1579 nobis

109 1604 295 1647 meruerit,
316 1603 407 1640 satis
426 1603 496 1638 dici
516 1614 591 1638 non
619 1605 752 1647 potest.
773 1602 829 1637 Ab
851 1602 953 1636 initio
983 1612 1102 1646 usque
1127 1602 1173 1636 ad
1201 1612 1325 1646 perac-

111 1661 250 1696 tionem
281 1660 392 1705 hujus
422 1660 557 1695 Indicis
582 1660 690 1695 nobis
728 1659 859 1694 adesse
892 1670 967 1693 non
1006 1658 1123 1694 desiit.
1156 1658 1213 1693 Ad
1247 1658 1326 1703 ejus

87 1731 90 1735 ⁴
112 1719 334 1763 exquisitam
366 1718 573 1754 doctrinam
599 1717 875 1762 dilucidumque
893 1716 1072 1761 judicium
1101 1716 1326 1751 recurrimus

112 1776 419 1822 quotiescumque
451 1776 649 1811 difficultas
683 1775 806 1819 aliqua
838 1774 947 1808 nobis
982 1773 1132 1808 obstitit.

161 1834 397 1879 Quamquam
425 1834 562 1869 scimus
583 1833 682 1868 hunc
709 1832 872 1867 Iudicem
892 1831 989 1865 vitiis
1020 1830 1169 1865 minime
1189 1840 1326 1872 carere,

112 1895 237 1928 tamen
257 1902 451 1937 speramus
469 1890 665 1926 botanicos
681 1892 717 1925 ct
732 1900 799 1934 pro
816 1889 937 1924 fructu
955 1898 1066 1933 quem
1086 1888 1169 1923 inde
1185 1887 1326 1932 capturi

113 1950 187 1986 sint
206 1952 240 1985 et
261 1961 327 1995 pro
347 1961 437 1986 cura
464 1960 577 1994 quam
596 1948 634 1983 in
653 1958 739 1983 eum
767 1947 1038 1983 elaborandum
1066 1945 1326 1990 impendimus,

112 2007 346 2052 indulgentes
366 2007 456 2042 fore.
473 2005 612 2041 Omnes
631 2005 758 2047 libros,
784 2004 909 2039 onmia
928 2004 1003 2038 fere
1024 2002 1197 2037 botanica
1212 2002 1328 2036 diaria

114 2065 160 2101 ab
179 2075 278 2100 anno
310 2065 400 2100 1863
421 2064 468 2099 ad
491 2064 582 2099 1888
609 2063 799 2108 publicata
826 2061 1070 2097 excussimus.
1099 2059 1328 2095 Confidimus

115 2122 271 2158 Indicem
302 2121 559 2170 alphabeticum
589 2120 775 2165 praecipue
800 2119 837 2153 in
862 2118 981 2163 pretio
1014 2118 1108 2157 fore;
1138 2117 1328 2161 cupientes

115 2190 201 2215 eum
227 2189 340 2224 quam
371 2178 529 2213 maxime
557 2177 782 2222 completum
810 2176 942 2217 facere,
971 2174 1194 2209 inseruimus
1222 2174 1328 2218 plura

115 2236 228 2272 millia
247 2246 553 2281 synonymorum,
574 2246 659 2280 quae
678 2244 746 2269 nec
762 2233 799 2268 in
819 2231 1058 2277 systematica
1073 2233 1177 2275 parte
1193 2230 1330 2265 badis-is

116 2304 185 2329 nee
204 2293 242 2328 in
264 2293 404 2329 Genera
422 2293 636 2328 Plantarum
654 2291 876 2327 indicantur.

228 2391 366 2423 Bruxellis.
381 2391 408 2418 d.
422 2391 434 2417 1
452 2391 561 2427 August.
579 2391 661 2418 1888.
